@conference{Siedschlag2015,
  author       = {Siedschlag, Stefan},
  title        = {{Wasserst\"ande und Durchfl\"usse} {-} messen, speichern und \"ubertragen im digitalen {Zeitalter}},
  booktitle    = {Dresdner Wasserbauliche Mitteilungen},
  year         = {2015},
  volume       = {53},
  series       = {Dresdner Wasserbauliche Mitteilungen},
  organization = {Technische Universit\"at Dresden, Institut f\"ur Wasserbau und technische Hydromechanik},
  url          = {https://henry.baw.de/handle/20.500.11970/103357},
}

@Misc{Saxon2018,
  author       = {{Saxon Flood Centre}},
   organization = {Saxon State Office for Environment and Agriculture and Geology},  
  title        = {Water Levels \& Flow Rates},
   note = {Accessed: 2018-03-05},
  month        = mar,
  year         = {2018},
  url          = {https://www.umwelt.sachsen.de/umwelt/infosysteme/hwims/portal/web/wasserstand-uebersicht},
}

@Misc{CrowdWaterApp2017a,
  author = {Etter, Simon and Strobl, Barbara},
  title  = {CrowdWater},
  month  = mar,
  year   = {2018},
  note   = {Accessed: 2018-03-06},
  url    = {http://www.crowdwater.ch/de/home/},
}

@Misc{Kisters2014,
  author = {Kisters},
  title  = {Einfach smart: App f\"ur {Pegelmessung} auf {Knopfdruck}},
  month  = nov,
  year   = {2014},
  note   = {Accessed: 2018-03-06},
  url    = {https://www.kisters.de/fileadmin/user_upload/Wasser/Produkte/WISKI/Produktblaetter/MobileWaterTracker_de_mail.pdf},
}

@Misc{Harman2017,
  author = {Mark Harman},
  title  = {{Open Camera - Camera app for Android}},
  month  = may,
  year   = {2017},
  note   = {Version 1.38},
  url    = {https://sourceforge.net/projects/opencamera/},
}

@Article{Kroehnert2017,
  author      = {Kr\"ohnert, Melanie and Meichsner, Robert},
  title       = {Segmentation of environmental time lapse image sequences for the determination of shore lines captured by hand-held smartphone cameras},
  journal     = {ISPRS Annals of the Photogrammetry, Remote Sensing and Spatial Information Sciences},
  year        = {2017},
  volume      = {IV-2/W4},
  pages       = {1--8},
  affiliation = {Professur für Photogrammetrie},
  doi         = {https://doi.org/10.5194/isprs-annals-IV-2-W4-1-2017},
  keywords    = {Image analysis, disaster management, flood monitoring, smartphones, water level determination, VGI},
  openaccess  = {Ja},
  peerreview  = {Ja},
  publisher   = {Copernicus Publications},
}

@InProceedings{Boerner2016,
  author      = {Boerner, R. and Kr\"ohnert, Melanie},
  title       = {Brute Force Matching Between Camera Shots and Synthetic Images from Point Clouds},
  year        = {2016},
  volume      = {XLI-B5},
  pages       = {771--777},
  affiliation = {Professur für Photogrammetrie},
  doi         = {doi:10.5194/isprs-archives-XLI-B5-771-2016},
  journal     = {Int. Arch. Photogramm. Remote Sens. Spatial Inf. Sci.},
  keywords    = {3D-Monoplotting, Line Matching, Line Extraction},
  openaccess  = {Ja},
  peerreview  = {Nein},
}

@InProceedings{Bauer2013,
  author    = {Bauer, Christine},
  title     = {On the (In-)Accuracy of GPS Measures of Smartphones: A Study of Running Tracking Applications},
  booktitle = {Proceedings of International Conference on Advances in Mobile Computing \&\#38; Multimedia},
  year      = {2013},
  series    = {MoMM '13},
  pages     = {335:335--335:341},
  address   = {New York, NY, USA},
  publisher = {ACM},
  acmid     = {2536893},
  articleno = {335},
  doi       = {10.1145/2536853.2536893},
  isbn      = {978-1-4503-2106-8},
  keywords  = {Accuracy, GPS, Global Positioning System, Localization, Location-based System, Positioning, Running Tracking, Smartphone, Sports Tracking},
  location  = {Vienna, Austria},
  numpages  = {7},
  url       = {http://doi.acm.org/10.1145/2536853.2536893},
}

@InProceedings{Blum2013,
  author    = {Blum, Jeffrey R. and Greencorn, Daniel G. and Cooperstock, Jeremy R.},
  title     = {Smartphone Sensor Reliability for Augmented Reality Applications},
  booktitle = {Mobile and Ubiquitous Systems: Computing, Networking, and Services},
  year      = {2013},
  editor    = {Zheng, Kan and Li, Mo and Jiang, Hongbo},
  pages     = {233 - 248},
  address   = {Berlin, Heidelberg},
  publisher = {Springer Berlin Heidelberg},
  isbn      = {978-3-642-40238-8},
  issn      = {0263-2241},
  journal   = {Measurement},
}

@Article{Zandbergen2011,
  author    = {Paul A. Zandbergen and Sean J. Barbeau},
  title     = {Positional Accuracy of Assisted {GPS} Data from High-Sensitivity {GPS}-enabled Mobile Phones},
  journal   = {Journal of Navigation},
  year      = {2011},
  volume    = {64},
  number    = {03},
  pages     = {381--399},
  month     = {jun},
  doi       = {10.1017/s0373463311000051},
  publisher = {Cambridge University Press ({CUP})},
}

@Article{Moore2017,
  author      = {Samuel K. Moore},
  title       = {Superaccurate GPS Coming to Smartphones in 2018},
  year        = {2017},
  month       = oct,
  note        = {Accessed: 2018-03-06},
  journal 	  = {IEEE Spectrum},
  url         = {https://spectrum.ieee.org/semiconductors/design/superaccurate-gps-coming-to-smartphones-in-2018},
}

@Article{Buettner2015,
  author  = {Uwe B\"uttner and Erhard Wolf},
  title   = {Konzeption des gew\"asserkundlichen Pegelnetzes in Sachsen},
  journal = {38. Dresdner Wasserbaukolloquium 2015 „Messen und \"Uberwachen im Wasserbau und am Gew\"asser“},
  year    = {2015},
  url     = {https://izw.baw.de/publikationen/dresdner-wasserbauliche-mitteilungen/0/06_Heft_53_B%C3%BCttner_KonzeptionGew%C3%A4sserkundPegelnetzSachsen.pdf},
}

@Article{Horner2018,
  author    = {I. Horner and B. Renard and J. Le Coz and F. Branger and H.K. McMillan and G. Pierrefeu},
  title     = {Impact of Stage Measurement Errors on Streamflow Uncertainty},
  journal   = {Water Resources Research},
  year      = {2018},
  month     = {feb},
  doi       = {10.1002/2017wr022039},
  publisher = {Wiley-Blackwell},
}

@InProceedings{Liu2014,
  author    = {Guangwen Liu and Khan Muhammad Asif Hossain and Masayuki Iwai and Masaki Ito and Yoshito Tobe and Kaoru Sezaki and Dunstan Matekenya},
  title     = {Beyond horizontal location context: measuring elevation using smartphone's barometer},
  booktitle = {Proceedings of the 2014 {ACM} International Joint Conference on Pervasive and Ubiquitous Computing Adjunct Publication},
  year      = {2014},
  publisher = {{ACM} Press},
  doi       = {10.1145/2638728.2641670},
}
  
  